@article{knuth84,
  author = {Knuth, Donald E.},
  title = {Literate Programming},
  year = {1984},
  issue_date = {May 1984},
  publisher = {Oxford University Press, Inc.},
  address = {USA},
  volume = {27},
  number = {2},
  issn = {0010-4620},
  url = {https://doi.org/10.1093/comjnl/27.2.97},
  doi = {10.1093/comjnl/27.2.97},
  journal = {Comput. J.},
  month = may,
  pages = {97â€“111},
  numpages = {15}
}
@article{Chen2018SingularVD,
  title={Singular Value Decomposition and its Applications in Image Processing},
  author={Zihan Chen},
  journal={Proceedings of the 2018 1st International Conference on Mathematics and Statistics},
  year={2018},
  url={https://api.semanticscholar.org/CorpusID:53245257}
}
@article{cao2006singular,
  title={Singular value decomposition applied to digital image processing},
  author={Cao, Lijie},
  journal={Division of Computing Studies, Arizona State University Polytechnic Campus, Mesa, Arizona State University polytechnic Campus},
  pages={1--15},
  year={2006}
}
